% Intro/Methods/Conclusion Chapter References

@ARTICLE{1963SIAM...11...431,
   author = {{Marquardt}, Donald W.},
    title = "{An Algorithm for Least-Squares Estimation of Nonlinear Parameters}",
  journal = {Journal of the Society for Industrial and Applied Mathematics},
     year = 1963,
   volume = {11(2)},
    pages = {431-441},
      doi = {10.1137/0111030},
   eprint = {http://epubs.siam.org/doi/abs/10.1137/0111030},
}



% references from qualifier paper

@ARTICLE{bondi_1944,
   author = {{Bondi}, H. and {Hoyle}, F.},
    title = "{On the mechanism of accretion by stars}",
  journal = {\mnras},
     year = 1944,
   volume = 104,
    pages = {273},
   adsurl = {http://adsabs.harvard.edu/abs/1944MNRAS.104..273B},
  adsnote = {Provided by the SAO/NASA Astrophysics Data System}
}


@ARTICLE{bondi_1952,
   author = {{Bondi}, H.},
    title = "{On spherically symmetrical accretion}",
  journal = {\mnras},
     year = 1952,
   volume = 112,
    pages = {195},
   adsurl = {http://adsabs.harvard.edu/abs/1952MNRAS.112..195B},
  adsnote = {Provided by the SAO/NASA Astrophysics Data System}
}


@article{centrella_2010,
author = {Centrella, Joan and Baker, John G. and Kelly, Bernard J. and van Meter, James R.},
title = {The Final Merger of Black-Hole Binaries},
journal = {Annual Review of Nuclear and Particle Science},
volume = {60},
number = {1},
pages = {75-100},
year = {2010},
doi = {10.1146/annurev.nucl.010909.083246},

URL = {http://www.annualreviews.org/doi/abs/10.1146/annurev.nucl.010909.083246},
eprint = {http://www.annualreviews.org/doi/pdf/10.1146/annurev.nucl.010909.083246}
}


@article{eardley_1975,
author = {Eardley, D M and Press, W H},
title = {Astrophysical Processes Near Black Holes},
journal = {Annual Review of Astronomy and Astrophysics},
volume = {13},
number = {1},
pages = {381-422},
year = {1975},
doi = {10.1146/annurev.aa.13.090175.002121},

URL = {http://www.annualreviews.org/doi/abs/10.1146/annurev.aa.13.090175.002121},
eprint = {http://www.annualreviews.org/doi/pdf/10.1146/annurev.aa.13.090175.002121}
}


@article{gultekin_2009a,
  author={Kayhan G{\"u}ltekin and Douglas O. Richstone and Karl Gebhardt and Tod R. Lauer and Scott Tremaine and M. C. Aller and Ralf
Bender and Alan Dressler and S. M. Faber and Alexei V. Filippenko and Richard Green and Luis C. Ho and John Kormendy and John
Magorrian and Jason Pinkney and Christos Siopis},
  title={The M-σ and M-L Relations in Galactic Bulges, and Determinations of Their Intrinsic Scatter},
  journal={The Astrophysical Journal},
  volume={698},
  number={1},
  pages={198},
  url={http://stacks.iop.org/0004-637X/698/i=1/a=198},
  year={2009},
  abstract={We derive improved versions of the relations between supermassive black hole mass ( M BH ) and host-galaxy bulge velocity dispersion (σ) and luminosity ( L ; the M -σ and M - L relations), based on 49 M BH measurements and 19 upper limits. Particular attention is paid to recovery of the intrinsic scatter ( ##IMG## [http://ej.iop.org/icons/Entities/epsi.gif] {epsilon} 0 ) in both relations. We find log( M BH / M ☉ ) = α + βlog(σ/200 km s –1 ) with (α, β, ##IMG## [http://ej.iop.org/icons/Entities/epsi.gif] {epsilon} 0 ) = (8.12 ± 0.08, 4.24 ± 0.41, 0.44 ± 0.06) for all galaxies and (α, β, ##IMG## [http://ej.iop.org/icons/Entities/epsi.gif] {epsilon} 0 ) = (8.23 ± 0.08, 3.96 ± 0.42, 0.31 ± 0.06) for ellipticals. The results for ellipticals are consistent with previous studies, but the intrinsic scatter recovered for spirals is significantly larger. The scatter inferred reinforces the need for its consideration when calculating local black hole mass function based on the M -σ relation, and further implies that there may be substantial selection bias in studies of the evolution of the M -σ relation. We estimate the M - L relationship as log( M BH / M ☉ ) = α + βlog( L V /10 11 L ☉, V ) of (α, β, ##IMG## [http://ej.iop.org/icons/Entities/epsi.gif] {epsilon} 0 ) = (8.95 ± 0.11, 1.11 ± 0.18, 0.38 ± 0.09); using only early-type galaxies. These results appear to be insensitive to a wide range of assumptions about the measurement errors and the distribution of intrinsic scatter. We show that culling the sample according to the resolution of the black hole's sphere of influence biases the relations to larger mean masses, larger slopes, and incorrect intrinsic residuals.}
}


@ARTICLE{gultekin_2009b,
   author = {{G{\"u}ltekin}, K. and {Cackett}, E.~M. and {Miller}, J.~M. and 
        {Di Matteo}, T. and {Markoff}, S. and {Richstone}, D.~O.},
    title = "{The Fundamental Plane of Accretion onto Black Holes with Dynamical Masses}",
  journal = {\apj},
archivePrefix = "arXiv",
   eprint = {0906.3285},
 primaryClass = "astro-ph.HE",
 keywords = {black hole physics, galaxies: general, galaxies: nuclei, galaxies: statistics},
     year = 2009,
    month = nov,
   volume = 706,
    pages = {404-416},
      doi = {10.1088/0004-637X/706/1/404},
   adsurl = {http://adsabs.harvard.edu/abs/2009ApJ...706..404G},
  adsnote = {Provided by the SAO/NASA Astrophysics Data System}
}

@article{ho_2008,
author = {Ho, Luis C.},
title = {Nuclear Activity in Nearby Galaxies},
journal = {Annual Review of Astronomy and Astrophysics},
volume = {46},
number = {1},
pages = {475-539},
year = {2008},
doi = {10.1146/annurev.astro.45.051806.110546},

URL = {http://www.annualreviews.org/doi/abs/10.1146/annurev.astro.45.051806.110546},
eprint = {http://www.annualreviews.org/doi/pdf/10.1146/annurev.astro.45.051806.110546}
}


@ARTICLE{holley-bockelmann_2008,
   author = {{Holley-Bockelmann}, K. and {G{\"u}ltekin}, K. and {Shoemaker}, D. and 
        {Yunes}, N.},
    title = "{Gravitational Wave Recoil and the Retention of Intermediate-Mass Black Holes}",
  journal = {\apj},
archivePrefix = "arXiv",
   eprint = {0707.1334},
 keywords = {Black Hole Physics, Galaxies: Nuclei, Gravitation, Gravitational Waves, Relativity},
     year = 2008,
    month = oct,
   volume = 686,
    pages = {829-837},
      doi = {10.1086/591218},
   adsurl = {http://adsabs.harvard.edu/abs/2008ApJ...686..829H},
  adsnote = {Provided by the SAO/NASA Astrophysics Data System}
}


@ARTICLE{hoyle_1939,
   author = {{Hoyle}, F. and {Lyttleton}, R.~A.},
    title = "{The effect of interstellar matter on climatic variation}",
  journal = {Proceedings of the Cambridge Philosophical Society},
     year = 1939,
   volume = 35,
    pages = {405},
      doi = {10.1017/S0305004100021150},
   adsurl = {http://adsabs.harvard.edu/abs/1939PCPS...35..405H},
  adsnote = {Provided by the SAO/NASA Astrophysics Data System}
}


@article{schawinski_2010,
  author={Kevin Schawinski and C. Megan Urry and Shanil Virani and Paolo Coppi and Steven P. Bamford and Ezequiel Treister and Chris
J. Lintott and Marc Sarzi and William C. Keel and Sugata Kaviraj and Carolin N. Cardamone and Karen L. Masters and Nicholas
P. Ross and Dan Andreescu and Phil Murray and Robert C. Nichol and M. Jordan Raddick and Anže Slosar and Alex S.
Szalay and Daniel Thomas and Jan Vandenberg},
  title={Galaxy Zoo: The Fundamentally Different Co-Evolution of Supermassive Black Holes and Their Early- and Late-Type Host Galaxies},
  journal={The Astrophysical Journal},
  volume={711},
  number={1},
  pages={284},
  url={http://stacks.iop.org/0004-637X/711/i=1/a=284},
  year={2010},
  abstract={We use data from the Sloan Digital Sky Survey and visual classifications of morphology from the Galaxy Zoo project to study black hole growth in the nearby universe ( z < 0.05) and to break down the active galactic nucleus (AGN) host galaxy population by color, stellar mass, and morphology. We find that the black hole growth at luminosities ##IMG## [http://ej.iop.org/images/0004-637X/711/1/284/apj327370ieqn1.gif] {$L[\mbox{O\,{\sc iii}}]$} >10 40  erg s –1 in early- and late-type galaxies is fundamentally different. AGN host galaxies as a population have a broad range of stellar masses (10 10 -10 11 M ☉ ), reside in the green valley of the color-mass diagram and their central black holes have median masses around 10 6.5 M ☉ . However, by comparing early- and late-type AGN host galaxies to their non-active counterparts, we find several key differences: in early-type galaxies, it is preferentially the galaxies with the least massive black holes that are growing, while in late-type galaxies, it is preferentially the most massive black holes that are growing. The duty cycle of AGNs in early-type galaxies is strongly peaked in the green valley below the low-mass end (10 10 M ☉ ) of the red sequence at stellar masses where there is a steady supply of blue cloud progenitors. The duty cycle of AGNs in late-type galaxies on the other hand peaks in massive (10 11 M ☉ ) green and red late-types which generally do not have a corresponding blue cloud population of similar mass. At high-Eddington ratios ( L / L Edd >0.1), the only population with a substantial fraction of AGNs are the low-mass green valley early-type galaxies. Finally, the Milky Way likely resides in the "sweet spot" on the color-mass diagram where the AGN duty cycle of late-type galaxies is highest. We discuss the implications of these results for our understanding of the role of AGNs in the evolution of galaxies.}
}

@article{scheel_2009,
  author = {Scheel, Mark A. and Boyle, Michael and Chu, Tony and Kidder, Lawrence E. and Matthews, Keith D. and Pfeiffer, Harald P.},
  title = {High-accuracy waveforms for binary black hole inspiral, merger, and ringdown},
  journal = {Phys. Rev. D},
  volume = {79},
  issue = {2},
  pages = {024003},
  numpages = {14},
  year = {2009},
  month = {Jan},
  doi = {10.1103/PhysRevD.79.024003},
  url = {http://link.aps.org/doi/10.1103/PhysRevD.79.024003},
  publisher = {American Physical Society}
}

@ARTICLE{shima_1985,
   author = {{Shima}, E. and {Matsuda}, T. and {Takeda}, H. and {Sawada}, K.
        },
    title = "{Hydrodynamic calculations of axisymmetric accretion flow}",
  journal = {\mnras},
 keywords = {AXISYMMETRIC FLOW, FLOW DEFLECTION, GRAVITATIONAL EFFECTS, HYDRODYNAMIC EQUATIONS, INVISCID FLOW, BOUNDARY CONDITIONS, BOUNDARY VALUE PROBLEMS, DEPOSITION, HYDRODYNAMIC COEFFICIENTS, IDEAL GAS, MACH NUMBER, RIGID STRUCTURES, SUPERSONIC FLOW, SURFACE ROUGHNESS EFFECTS},
     year = 1985,
    month = nov,
   volume = 217,
    pages = {367-386},
   adsurl = {http://adsabs.harvard.edu/abs/1985MNRAS.217..367S},
  adsnote = {Provided by the SAO/NASA Astrophysics Data System}
}


@article{papaloizou_1995,
author = {Papaloizou, J C B and Lin, D N C},
title = {Theory of Accretion Disks I: Angular Momentum Transport Processes},
journal = {Annual Review of Astronomy and Astrophysics},
volume = {33},
number = {1},
pages = {505-540},
year = {1995},
doi = {10.1146/annurev.aa.33.090195.002445},

URL = {http://www.annualreviews.org/doi/abs/10.1146/annurev.aa.33.090195.002445},
eprint = {http://www.annualreviews.org/doi/pdf/10.1146/annurev.aa.33.090195.002445}
}


@article{lin_1996,
author = {Lin, D.N.C. and Papaloizou, J.C.B.},
title = {THEORY OF ACCRETION DISKS II: Application to Observed Systems},
journal = {Annual Review of Astronomy and Astrophysics},
volume = {34},
number = {1},
pages = {703-747},
year = {1996},
doi = {10.1146/annurev.astro.34.1.703},

URL = {http://www.annualreviews.org/doi/abs/10.1146/annurev.astro.34.1.703},
eprint = {http://www.annualreviews.org/doi/pdf/10.1146/annurev.astro.34.1.703}
}


@ARTICLE{salpeter_1955,
   author = {{Salpeter}, E.~E.},
    title = "{The Luminosity Function and Stellar Evolution.}",
  journal = {\apj},
     year = 1955,
    month = jan,
   volume = 121,
    pages = {161},
      doi = {10.1086/145971},
   adsurl = {http://adsabs.harvard.edu/abs/1955ApJ...121..161S},
  adsnote = {Provided by the SAO/NASA Astrophysics Data System}
}


@ARTICLE{hubble_1926,
   author = {{Hubble}, E.~P.},
    title = "{Extragalactic nebulae.}",
  journal = {\apj},
     year = 1926,
    month = dec,
   volume = 64,
    pages = {321-369},
      doi = {10.1086/143018},
   adsurl = {http://adsabs.harvard.edu/abs/1926ApJ....64..321H},
  adsnote = {Provided by the SAO/NASA Astrophysics Data System}
}


@ARTICLE{chandrasekhar_1943,
   author = {{Chandrasekhar}, S.},
    title = "{Dynamical Friction. I. General Considerations: the Coefficient of Dynamical Friction.}",
  journal = {\apj},
     year = 1943,
    month = mar,
   volume = 97,
    pages = {255},
      doi = {10.1086/144517},
   adsurl = {http://adsabs.harvard.edu/abs/1943ApJ....97..255C},
  adsnote = {Provided by the SAO/NASA Astrophysics Data System}
}


@ARTICLE{faber_1997,
   author = {{Faber}, S.~M. and {Tremaine}, S. and {Ajhar}, E.~A. and {Byun}, Y.-I. and 
        {Dressler}, A. and {Gebhardt}, K. and {Grillmair}, C. and {Kormendy}, J. and 
        {Lauer}, T.~R. and {Richstone}, D.},
    title = "{The Centers of Early-Type Galaxies with HST. IV. Central Parameter Relations.}",
  journal = {\aj},
   eprint = {arXiv:astro-ph/9610055},
 keywords = {GALAXIES: EARLY-TYPE, GALAXIES: NUCLEI},
     year = 1997,
    month = nov,
   volume = 114,
    pages = {1771},
      doi = {10.1086/118606},
   adsurl = {http://adsabs.harvard.edu/abs/1997AJ....114.1771F},
  adsnote = {Provided by the SAO/NASA Astrophysics Data System}
}


@ARTICLE{djorgovski_1987,
   author = {{Djorgovski}, S. and {Davis}, M.},
    title = "{Fundamental properties of elliptical galaxies}",
  journal = {\apj},
 keywords = {ASTRONOMICAL PHOTOMETRY, ELLIPTICAL GALAXIES, GALACTIC ROTATION, GALACTIC STRUCTURE, COSMOLOGY, GALACTIC EVOLUTION, MASS TO LIGHT RATIOS, VELOCITY DISTRIBUTION},
     year = 1987,
    month = feb,
   volume = 313,
    pages = {59-68},
      doi = {10.1086/164948},
   adsurl = {http://adsabs.harvard.edu/abs/1987ApJ...313...59D},
  adsnote = {Provided by the SAO/NASA Astrophysics Data System}
}


@ARTICLE{kormendy_1989,
   author = {{Kormendy}, J. and {Djorgovski}, S.},
    title = "{Surface photometry and the structure of elliptical galaxies}",
  journal = {\araa},
 keywords = {ASTRONOMICAL PHOTOMETRY, ELLIPTICAL GALAXIES, GALACTIC STRUCTURE, BRIGHTNESS DISTRIBUTION, COSMIC DUST, GALACTIC BULGE, GALACTIC CLUSTERS, GALACTIC EVOLUTION, GALACTIC NUCLEI},
     year = 1989,
   volume = 27,
    pages = {235-277},
      doi = {10.1146/annurev.aa.27.090189.001315},
   adsurl = {http://adsabs.harvard.edu/abs/1989ARA%26A..27..235K},
  adsnote = {Provided by the SAO/NASA Astrophysics Data System}
}


@ARTICLE{khan_2011,
   author = {{Khan}, F.~M. and {Just}, A. and {Merritt}, D.},
    title = "{Efficient Merger of Binary Supermassive Black Holes in Merging Galaxies}",
  journal = {\apj},
archivePrefix = "arXiv",
   eprint = {1103.0272},
 primaryClass = "astro-ph.CO",
 keywords = {galaxies: evolution, galaxies: interactions, galaxies: kinematics and dynamics, galaxies: nuclei, gravitational waves},
     year = 2011,
    month = may,
   volume = 732,
      eid = {89},
    pages = {89},
      doi = {10.1088/0004-637X/732/2/89},
   adsurl = {http://adsabs.harvard.edu/abs/2011ApJ...732...89K},
  adsnote = {Provided by the SAO/NASA Astrophysics Data System}
}


@article{gonzalez_2007,
  title = {Maximum Kick from Nonspinning Black-Hole Binary Inspiral},
  author = {Gonz\'alez, Jos\'e A. and Sperhake, Ulrich and Br\"ugmann, Bernd and Hannam, Mark and Husa, Sascha},
  journal = {Phys. Rev. Lett.},
  volume = {98},
  issue = {9},
  pages = {091101},
  numpages = {4},
  year = {2007},
  month = {Feb},
  doi = {10.1103/PhysRevLett.98.091101},
  url = {http://link.aps.org/doi/10.1103/PhysRevLett.98.091101},
  publisher = {American Physical Society}
}

@article{koppitz_2007,
  title = {Recoil Velocities from Equal-Mass Binary-Black-Hole Mergers},
  author = {Koppitz, Michael and Pollney, Denis and Reisswig, Christian and Rezzolla, Luciano and Thornburg, Jonathan and Diener, Peter and Schnetter, Erik},
  journal = {Phys. Rev. Lett.},
  volume = {99},
  issue = {4},
  pages = {041102},
  numpages = {4},
  year = {2007},
  month = {Jul},
  doi = {10.1103/PhysRevLett.99.041102},
  url = {http://link.aps.org/doi/10.1103/PhysRevLett.99.041102},
  publisher = {American Physical Society}
}

@ARTICLE{herrmann_2007,
   author = {{Herrmann}, F. and {Hinder}, I. and {Shoemaker}, D. and {Laguna}, P. and 
        {Matzner}, R.~A.},
    title = "{Gravitational Recoil from Spinning Binary Black Hole Mergers}",
  journal = {\apj},
   eprint = {arXiv:gr-qc/0701143},
 keywords = {Black Hole Physics, Galaxies: Nuclei, Gravitation, Gravitational Waves, Relativity},
     year = 2007,
    month = may,
   volume = 661,
    pages = {430-436},
      doi = {10.1086/513603},
   adsurl = {http://adsabs.harvard.edu/abs/2007ApJ...661..430H},
  adsnote = {Provided by the SAO/NASA Astrophysics Data System}
}


@article{brugmann_2004,
  title = {Numerical Simulation of Orbiting Black Holes},
  author = {Br\"ugmann, Bernd and Tichy, Wolfgang and Jansen, Nina},
  journal = {Phys. Rev. Lett.},
  volume = {92},
  issue = {21},
  pages = {211101},
  numpages = {4},
  year = {2004},
  month = {May},
  doi = {10.1103/PhysRevLett.92.211101},
  url = {http://link.aps.org/doi/10.1103/PhysRevLett.92.211101},
  publisher = {American Physical Society}
}

@book{binney_tremaine_1988,
  title={Galactic Dynamics},
  author={Binney, J. and Tremaine, S.},
  isbn={9780691084459},
  lccn={lc86043129},
  series={Princeton Series in Astrophysics},
  url={http://books.google.com/books?id=01yNf7mipb0C},
  year={1988},
  publisher={Princeton University Press}
}
@ARTICLE{lo_2005,
   author = {{Lo}, K.~Y.},
    title = "{Mega-Masers and Galaxies}",
  journal = {\araa},
     year = 2005,
    month = sep,
   volume = 43,
    pages = {625-676},
      doi = {10.1146/annurev.astro.41.011802.094927},
   adsurl = {http://adsabs.harvard.edu/abs/2005ARA%26A..43..625L},
  adsnote = {Provided by the SAO/NASA Astrophysics Data System}
}


@ARTICLE{blandford_1982,
   author = {{Blandford}, R.~D. and {McKee}, C.~F.},
    title = "{Reverberation mapping of the emission line regions of Seyfert galaxies and quasars}",
  journal = {\apj},
 keywords = {ASTRONOMICAL SPECTROSCOPY, EMISSION SPECTRA, QUASARS, SEYFERT GALAXIES, SPECTRAL LINE WIDTH, RADIAL VELOCITY, RADIATIVE TRANSFER, SPATIAL DISTRIBUTION, STELLAR MASS ACCRETION, TRANSFER FUNCTIONS, VELOCITY DISTRIBUTION},
     year = 1982,
    month = apr,
   volume = 255,
    pages = {419-439},
      doi = {10.1086/159843},
   adsurl = {http://adsabs.harvard.edu/abs/1982ApJ...255..419B},
  adsnote = {Provided by the SAO/NASA Astrophysics Data System}
}


@book{binney_merrifield_1998,
  title={Galactic Astronomy},
  author={Binney, J. and Merrifield, M.},
  isbn={9780691025650},
  lccn={98024385},
  series={Princeton Series in Astrophysics},
  url={http://books.google.com/books?id=arYYRoYjKacC},
  year={1998},
  publisher={Princeton University Press}
}

@ARTICLE{rubin_1980,
   author = {{Rubin}, V.~C. and {Ford}, W.~K.~J. and {.~Thonnard}, N.},
    title = "{Rotational properties of 21 SC galaxies with a large range of luminosities and radii, from NGC 4605 /R = 4kpc/ to UGC 2885 /R = 122 kpc/}",
  journal = {\apj},
 keywords = {ASTRONOMICAL SPECTROSCOPY, GALACTIC EVOLUTION, GALACTIC ROTATION, GALAXIES, STELLAR LUMINOSITY, DYNAMIC CHARACTERISTICS, GALACTIC NUCLEI, MORPHOLOGY, RADIAL VELOCITY, RADII},
     year = 1980,
    month = jun,
   volume = 238,
    pages = {471-487},
      doi = {10.1086/158003},
   adsurl = {http://adsabs.harvard.edu/abs/1980ApJ...238..471R},
  adsnote = {Provided by the SAO/NASA Astrophysics Data System}
}


@ARTICLE{navarro_1997,
   author = {{Navarro}, J.~F. and {Frenk}, C.~S. and {White}, S.~D.~M.},
    title = "{A Universal Density Profile from Hierarchical Clustering}",
  journal = {\apj},
   eprint = {arXiv:astro-ph/9611107},
 keywords = {COSMOLOGY: THEORY, COSMOLOGY: DARK MATTER, GALAXIES: HALOS, METHODS: NUMERICAL},
     year = 1997,
    month = dec,
   volume = 490,
    pages = {493},
      doi = {10.1086/304888},
   adsurl = {http://adsabs.harvard.edu/abs/1997ApJ...490..493N},
  adsnote = {Provided by the SAO/NASA Astrophysics Data System}
}


@Book{rybicki_lightman_1979,
author = { Rybicki, George B. and Lightman, Alan P., },
title = { Radiative processes in astrophysics / George B. Rybicki, Alan P. Lightman },
isbn = { 0471048151 0471827592 },
publisher = { Wiley, New York : },
pages = { xv, 382 p. : },
year = { 1979 },
type = { Book },
language = { English },
subjects = { Radiation.; Astrophysics. },
life-dates = { 1979 -  },
catalogue-url = { http://nla.gov.au/nla.cat-vn2620403 },
}


@ARTICLE{herrnstein_1999,
   author = {{Herrnstein}, J.~R. and {Moran}, J.~M. and {Greenhill}, L.~J. and 
        {Diamond}, P.~J. and {Inoue}, M. and {Nakai}, N. and {Miyoshi}, M. and 
        {Henkel}, C. and {Riess}, A.},
    title = "{A geometric distance to the galaxy NGC4258 from orbital motions in a nuclear gas disk}",
  journal = {\nat},
   eprint = {arXiv:astro-ph/9907013},
     year = 1999,
    month = aug,
   volume = 400,
    pages = {539-541},
      doi = {10.1038/22972},
   adsurl = {http://adsabs.harvard.edu/abs/1999Natur.400..539H},
  adsnote = {Provided by the SAO/NASA Astrophysics Data System}
}


% references from 2lpt paper

@ARTICLE{2001NewA....6...79S,
   author = {{Springel}, V. and {Yoshida}, N. and {White}, S.~D.~M.},
    title = "{GADGET: a code for collisionless and gasdynamical cosmological simulations}",
  journal = {New Astron},
   eprint = {astro-ph/0003162},
     year = 2001,
    month = apr,
   volume = 6,
    pages = {79-117},
      doi = {10.1016/S1384-1076(01)00042-2},
   adsurl = {http://adsabs.harvard.edu/abs/2001NewA....6...79S},
  adsnote = {Provided by the SAO/NASA Astrophysics Data System}
}

@ARTICLE{2005MNRAS.364.1105S,
   author = {{Springel}, V.},
    title = "{The cosmological simulation code GADGET-2}",
  journal = {\mnras},
   eprint = {astro-ph/0505010},
 keywords = {methods: numerical, galaxies: interactions, dark matter},
     year = 2005,
    month = dec,
   volume = 364,
    pages = {1105-1134},
      doi = {10.1111/j.1365-2966.2005.09655.x},
   adsurl = {http://adsabs.harvard.edu/abs/2005MNRAS.364.1105S},
  adsnote = {Provided by the SAO/NASA Astrophysics Data System}
}

@ARTICLE{2012ApJ...761L...8H,
   author = {{Holley-Bockelmann}, K. and {Wise}, J.~H. and {Sinha}, M.},
    title = "{Kickstarting Reionization with the First Black Holes: The Effects of Second-order Perturbation Theory in Pre-reionization Volumes}",
  journal = {\apjl},
archivePrefix = "arXiv",
   eprint = {1211.1394},
 primaryClass = "astro-ph.CO",
 keywords = {black hole physics, cosmology: theory, galaxies: high-redshift, intergalactic medium, methods: numerical, radiative transfer },
     year = 2012,
    month = dec,
   volume = 761,
      eid = {L8},
    pages = {L8},
      doi = {10.1088/2041-8205/761/1/L8},
   adsurl = {http://adsabs.harvard.edu/abs/2012ApJ...761L...8H},
  adsnote = {Provided by the SAO/NASA Astrophysics Data System}
}

@ARTICLE{1998ApJ...495...80B,
   author = {{Bryan}, G.~L. and {Norman}, M.~L.},
    title = "{Statistical Properties of X-Ray Clusters: Analytic and Numerical Comparisons}",
  journal = {\apj},
   eprint = {astro-ph/9710107},
 keywords = {GALAXIES: CLUSTERS: GENERAL, METHODS: NUMERICAL, X-RAYS: GALAXIES},
     year = 1998,
    month = mar,
   volume = 495,
    pages = {80-99},
      doi = {10.1086/305262},
   adsurl = {http://adsabs.harvard.edu/abs/1998ApJ...495...80B},
  adsnote = {Provided by the SAO/NASA Astrophysics Data System}
}

@ARTICLE{2013ApJ...762..109B,
   author = {{Behroozi}, P.~S. and {Wechsler}, R.~H. and {Wu}, H.-Y.},
    title = "{The ROCKSTAR Phase-space Temporal Halo Finder and the Velocity Offsets of Cluster Cores}",
  journal = {\apj},
archivePrefix = "arXiv",
   eprint = {1110.4372},
 primaryClass = "astro-ph.CO",
 keywords = {dark matter, methods: numerical},
     year = 2013,
    month = jan,
   volume = 762,
      eid = {109},
    pages = {109},
      doi = {10.1088/0004-637X/762/2/109},
   adsurl = {http://adsabs.harvard.edu/abs/2013ApJ...762..109B},
  adsnote = {Provided by the SAO/NASA Astrophysics Data System}
}

@ARTICLE{1998MNRAS.299.1097S,
   author = {{Scoccimarro}, R.},
    title = "{Transients from initial conditions: a perturbative analysis}",
  journal = {\mnras},
   eprint = {astro-ph/9711187},
 keywords = {METHODS: NUMERICAL, METHODS: STATISTICAL, GALAXIES: CLUSTERS: GENERAL, LARGE-SCALE STRUCTURE OF UNIVERSE},
     year = 1998,
    month = oct,
   volume = 299,
    pages = {1097-1118},
      doi = {10.1046/j.1365-8711.1998.01845.x},
   adsurl = {http://adsabs.harvard.edu/abs/1998MNRAS.299.1097S},
  adsnote = {Provided by the SAO/NASA Astrophysics Data System}
}

@ARTICLE{1970A&A.....5...84Z,
   author = {{Zel'dovich}, Y.~B.},
    title = "{Gravitational instability: An approximate theory for large density perturbations.}",
  journal = {\aap},
     year = 1970,
    month = mar,
   volume = 5,
    pages = {84-89},
   adsurl = {http://adsabs.harvard.edu/abs/1970A%26A.....5...84Z},
  adsnote = {Provided by the SAO/NASA Astrophysics Data System}
}

@ARTICLE{1996ApJ...462..563N,
   author = {{Navarro}, J.~F. and {Frenk}, C.~S. and {White}, S.~D.~M.},
    title = "{The Structure of Cold Dark Matter Halos}",
  journal = {\apj},
   eprint = {astro-ph/9508025},
 keywords = {COSMOLOGY: THEORY, COSMOLOGY: DARK MATTER, GALAXIES: HALOS, METHODS: NUMERICAL},
     year = 1996,
    month = may,
   volume = 462,
    pages = {563},
      doi = {10.1086/177173},
   adsurl = {http://adsabs.harvard.edu/abs/1996ApJ...462..563N},
  adsnote = {Provided by the SAO/NASA Astrophysics Data System}
}

@ARTICLE{1997ApJ...490..493N,
   author = {{Navarro}, J.~F. and {Frenk}, C.~S. and {White}, S.~D.~M.},
    title = "{A Universal Density Profile from Hierarchical Clustering}",
  journal = {\apj},
   eprint = {astro-ph/9611107},
 keywords = {Cosmology: Theory, Cosmology: Dark Matter, Galaxies: Halos, Methods: Numerical},
     year = 1997,
    month = dec,
   volume = 490,
    pages = {493-508},
   adsurl = {http://adsabs.harvard.edu/abs/1997ApJ...490..493N},
  adsnote = {Provided by the SAO/NASA Astrophysics Data System}
}

@ARTICLE{2012MNRAS.423.3018P,
   author = {{Prada}, F. and {Klypin}, A.~A. and {Cuesta}, A.~J. and {Betancort-Rijo}, J.~E. and 
	{Primack}, J.},
    title = "{Halo concentrations in the standard {$\Lambda$} cold dark matter cosmology}",
  journal = {\mnras},
archivePrefix = "arXiv",
   eprint = {1104.5130},
 primaryClass = "astro-ph.CO",
 keywords = {galaxies: haloes, cosmology: theory, dark matter},
     year = 2012,
    month = jul,
   volume = 423,
    pages = {3018-3030},
      doi = {10.1111/j.1365-2966.2012.21007.x},
   adsurl = {http://adsabs.harvard.edu/abs/2012MNRAS.423.3018P},
  adsnote = {Provided by the SAO/NASA Astrophysics Data System}
}

@ARTICLE{2001MNRAS.321..559B,
   author = {{Bullock}, J.~S. and {Kolatt}, T.~S. and {Sigad}, Y. and {Somerville}, R.~S. and 
	{Kravtsov}, A.~V. and {Klypin}, A.~A. and {Primack}, J.~R. and 
	{Dekel}, A.},
    title = "{Profiles of dark haloes: evolution, scatter and environment}",
  journal = {\mnras},
   eprint = {astro-ph/9908159},
 keywords = {GALAXIES: FORMATION, GALAXIES: STRUCTURE, COSMOLOGY: THEORY, DARK MATTER, galaxies: formation, galaxies: structure, cosmology: theory, dark matter},
     year = 2001,
    month = mar,
   volume = 321,
    pages = {559-575},
      doi = {10.1046/j.1365-8711.2001.04068.x},
   adsurl = {http://adsabs.harvard.edu/abs/2001MNRAS.321..559B},
  adsnote = {Provided by the SAO/NASA Astrophysics Data System}
}

@article{doi:10.1080/02664760500079464,
	author = {Nadarajah, Saralees},
	title = {A generalized normal distribution},
	journal = {Journal of Applied Statistics},
	volume = {32},
	number = {7},
	pages = {685-694},
	year = {2005},
	doi = {10.1080/02664760500079464},
	URL = { http://dx.doi.org/10.1080/02664760500079464 },
	eprint = { http://dx.doi.org/10.1080/02664760500079464 }
}

@ARTICLE{2006MNRAS.373..369C,
   author = {{Crocce}, M. and {Pueblas}, S. and {Scoccimarro}, R.},
    title = "{Transients from initial conditions in cosmological simulations}",
  journal = {\mnras},
   eprint = {astro-ph/0606505},
 keywords = {methods: numerical, large-scale structure of Universe},
     year = 2006,
    month = nov,
   volume = 373,
    pages = {369-381},
      doi = {10.1111/j.1365-2966.2006.11040.x},
   adsurl = {http://adsabs.harvard.edu/abs/2006MNRAS.373..369C},
  adsnote = {Provided by the SAO/NASA Astrophysics Data System}
}

@ARTICLE{1983MNRAS.204..891K,
   author = {{Klypin}, A.~A. and {Shandarin}, S.~F.},
    title = "{Three-dimensional numerical model of the formation of large-scale structure in the Universe}",
  journal = {\mnras},
 keywords = {Astronomical Models, Cosmology, Galactic Evolution, Galactic Structure, Three Dimensional Models, Universe, Abel Function, Collisionless Plasmas, Correlation, Gravitational Fields},
     year = 1983,
    month = sep,
   volume = 204,
    pages = {891-907},
   adsurl = {http://adsabs.harvard.edu/abs/1983MNRAS.204..891K},
  adsnote = {Provided by the SAO/NASA Astrophysics Data System}
}


@ARTICLE{1985ApJS...57..241E,
   author = {{Efstathiou}, G. and {Davis}, M. and {White}, S.~D.~M. and {Frenk}, C.~S.
	},
    title = "{Numerical techniques for large cosmological N-body simulations}",
  journal = {\apjs},
 keywords = {Computerized Simulation, Cosmology, Galactic Clusters, Gravitational Effects, Many Body Problem, Algorithms, Codes, Equations Of Motion, Particle Trajectories, Universe},
     year = 1985,
    month = feb,
   volume = 57,
    pages = {241-260},
      doi = {10.1086/191003},
   adsurl = {http://adsabs.harvard.edu/abs/1985ApJS...57..241E},
  adsnote = {Provided by the SAO/NASA Astrophysics Data System}
}

@ARTICLE{2010MNRAS.403.1859J,
   author = {{Jenkins}, A.},
    title = "{Second-order Lagrangian perturbation theory initial conditions for resimulations}",
  journal = {\mnras},
archivePrefix = "arXiv",
   eprint = {0910.0258},
 primaryClass = "astro-ph.CO",
 keywords = {methods: N-body simulations, cosmology: theory},
     year = 2010,
    month = apr,
   volume = 403,
    pages = {1859-1872},
      doi = {10.1111/j.1365-2966.2010.16259.x},
   adsurl = {http://adsabs.harvard.edu/abs/2010MNRAS.403.1859J},
  adsnote = {Provided by the SAO/NASA Astrophysics Data System}
}

@ARTICLE{2005ApJ...634..728S,
   author = {{Sirko}, E.},
    title = "{Initial Conditions to Cosmological N-Body Simulations, or, How to Run an Ensemble of Simulations}",
  journal = {\apj},
   eprint = {astro-ph/0503106},
 keywords = {Cosmology: Theory, Cosmology: Large-Scale Structure of Universe, Methods: n-Body Simulations, Methods: Numerical},
     year = 2005,
    month = nov,
   volume = 634,
    pages = {728-743},
      doi = {10.1086/497090},
   adsurl = {http://adsabs.harvard.edu/abs/2005ApJ...634..728S},
  adsnote = {Provided by the SAO/NASA Astrophysics Data System}
}

@ARTICLE{1994MNRAS.267..811B,
   author = {{Buchert}, T.},
    title = "{Lagrangian Theory of Gravitational Instability of Friedman-Lemaitre Cosmologies - a Generic Third-Order Model for Nonlinear Clustering}",
  journal = {\mnras},
   eprint = {astro-ph/9309055},
     year = 1994,
    month = apr,
   volume = 267,
    pages = {811},
   adsurl = {http://adsabs.harvard.edu/abs/1994MNRAS.267..811B},
  adsnote = {Provided by the SAO/NASA Astrophysics Data System}
}

@ARTICLE{1994A&A...288..349B,
   author = {{Buchert}, T. and {Melott}, A.~L. and {Weiss}, A.~G.},
    title = "{Testing higher-order Lagrangian perturbation theory against numerical simulations I. Pancake models}",
  journal = {\aap},
   eprint = {astro-ph/9309056},
 keywords = {COSMOLOGY: THEORY, DARK MATTER, LARGE-SCALE STRUCTURE OF UNIVERSE, METHODS: ANALYTICAL AND NUMERICAL},
     year = 1994,
    month = aug,
   volume = 288,
    pages = {349-364},
   adsurl = {http://adsabs.harvard.edu/abs/1994A%26A...288..349B},
  adsnote = {Provided by the SAO/NASA Astrophysics Data System}
}

@ARTICLE{1995A&A...296..575B,
   author = {{Bouchet}, F.~R. and {Colombi}, S. and {Hivon}, E. and {Juszkiewicz}, R.},
    title = "{Perturbative Lagrangian approach to gravitational instability.}",
  journal = {\aap},
   eprint = {astro-ph/9406013},
 keywords = {COSMOLOGY: THEORY, LARGE SCALE STRUCTURE OF UNIVERSE, METHODS: NUMERICAL AND ANALYTICAL},
     year = 1995,
    month = apr,
   volume = 296,
    pages = {575},
   adsurl = {http://adsabs.harvard.edu/abs/1995A%26A...296..575B},
  adsnote = {Provided by the SAO/NASA Astrophysics Data System}
}

@ARTICLE{1986MNRAS.221...53C,
   author = {{Couchman}, H.~M.~P. and {Rees}, M.~J.},
    title = "{Pregalactic evolution in cosmologies with cold dark matter}",
  journal = {\mnras},
 keywords = {Cold Plasmas, Cosmology, Galactic Evolution, Galactic Structure, Missing Mass (Astrophysics), Rotating Matter, Density Distribution, Mass Distribution, Photoionization, Star Clusters, Stellar Evolution, Supernovae, Universe},
     year = 1986,
    month = jul,
   volume = 221,
    pages = {53-62},
   adsurl = {http://adsabs.harvard.edu/abs/1986MNRAS.221...53C},
  adsnote = {Provided by the SAO/NASA Astrophysics Data System}
}


@ARTICLE{2003ApJ...591..288H,
   author = {{Heger}, A. and {Fryer}, C.~L. and {Woosley}, S.~E. and {Langer}, N. and 
	{Hartmann}, D.~H.},
    title = "{How Massive Single Stars End Their Life}",
  journal = {\apj},
   eprint = {astro-ph/0212469},
 keywords = {Black Hole Physics, Gamma Rays: Bursts, Stars: Early-Type, Stars: Neutron, Stars: Supernovae: General},
     year = 2003,
    month = jul,
   volume = 591,
    pages = {288-300},
      doi = {10.1086/375341},
   adsurl = {http://adsabs.harvard.edu/abs/2003ApJ...591..288H},
  adsnote = {Provided by the SAO/NASA Astrophysics Data System}
}


@ARTICLE{2001ApJ...551L..27M,
   author = {{Madau}, P. and {Rees}, M.~J.},
    title = "{Massive Black Holes as Population III Remnants}",
  journal = {\apjl},
   eprint = {astro-ph/0101223},
 keywords = {Black Hole Physics, Cosmology: Theory, Cosmology: Early Universe, Galaxies: Formation},
     year = 2001,
    month = apr,
   volume = 551,
    pages = {L27-L30},
      doi = {10.1086/319848},
   adsurl = {http://adsabs.harvard.edu/abs/2001ApJ...551L..27M},
  adsnote = {Provided by the SAO/NASA Astrophysics Data System}
}

@ARTICLE{2003ApJ...582..559V,
   author = {{Volonteri}, M. and {Haardt}, F. and {Madau}, P.},
    title = "{The Assembly and Merging History of Supermassive Black Holes in Hierarchical Models of Galaxy Formation}",
  journal = {\apj},
   eprint = {astro-ph/0207276},
 keywords = {Black Hole Physics, Cosmology: Theory, Galaxies: Evolution, Galaxies: Quasars: General},
     year = 2003,
    month = jan,
   volume = 582,
    pages = {559-573},
      doi = {10.1086/344675},
   adsurl = {http://adsabs.harvard.edu/abs/2003ApJ...582..559V},
  adsnote = {Provided by the SAO/NASA Astrophysics Data System}
}

@ARTICLE{2003MNRAS.340..647I,
   author = {{Islam}, R.~R. and {Taylor}, J.~E. and {Silk}, J.},
    title = "{Massive black hole remnants of the first stars in galactic haloes}",
  journal = {\mnras},
   eprint = {astro-ph/0208189},
 keywords = {galaxies: formation, galaxies: nuclei, cosmology: theory},
     year = 2003,
    month = apr,
   volume = 340,
    pages = {647-656},
      doi = {10.1046/j.1365-8711.2003.06329.x},
   adsurl = {http://adsabs.harvard.edu/abs/2003MNRAS.340..647I},
  adsnote = {Provided by the SAO/NASA Astrophysics Data System}
}


@ARTICLE{2009ApJ...696.1798T,
   author = {{Tanaka}, T. and {Haiman}, Z.},
    title = "{The Assembly of Supermassive Black Holes at High Redshifts}",
  journal = {\apj},
archivePrefix = "arXiv",
   eprint = {0807.4702},
 keywords = {accretion, accretion disks, black hole physics, cosmology: theory, galaxies: formation, quasars: general},
     year = 2009,
    month = may,
   volume = 696,
    pages = {1798-1822},
      doi = {10.1088/0004-637X/696/2/1798},
   adsurl = {http://adsabs.harvard.edu/abs/2009ApJ...696.1798T},
  adsnote = {Provided by the SAO/NASA Astrophysics Data System}
}

@ARTICLE{2009ApJ...701L.133A,
   author = {{Alvarez}, M.~A. and {Wise}, J.~H. and {Abel}, T.},
    title = "{Accretion onto the First Stellar-Mass Black Holes}",
  journal = {\apjl},
archivePrefix = "arXiv",
   eprint = {0811.0820},
 keywords = {black hole physics, cosmology: theory, galaxies: formation},
     year = 2009,
    month = aug,
   volume = 701,
    pages = {L133-L137},
      doi = {10.1088/0004-637X/701/2/L133},
   adsurl = {http://adsabs.harvard.edu/abs/2009ApJ...701L.133A},
  adsnote = {Provided by the SAO/NASA Astrophysics Data System}
}

@ARTICLE{2012ApJ...754...34J,
   author = {{Jeon}, M. and {Pawlik}, A.~H. and {Greif}, T.~H. and {Glover}, S.~C.~O. and 
	{Bromm}, V. and {Milosavljevi{\'c}}, M. and {Klessen}, R.~S.
	},
    title = "{The First Galaxies: Assembly with Black Hole Feedback}",
  journal = {\apj},
archivePrefix = "arXiv",
   eprint = {1111.6305},
 primaryClass = "astro-ph.CO",
 keywords = {black hole physics, cosmology: observations, galaxies: formation, galaxies: high-redshift, H II regions, hydrodynamics, intergalactic medium},
     year = 2012,
    month = jul,
   volume = 754,
      eid = {34},
    pages = {34},
      doi = {10.1088/0004-637X/754/1/34},
   adsurl = {http://adsabs.harvard.edu/abs/2012ApJ...754...34J},
  adsnote = {Provided by the SAO/NASA Astrophysics Data System}
}


@ARTICLE{2011MNRAS.414.1127M,
   author = {{Micic}, M. and {Holley-Bockelmann}, K. and {Sigurdsson}, S.
	},
    title = "{Growing massive black holes in a Local Group environment: the central supermassive, slowly sinking and ejected populations}",
  journal = {\mnras},
archivePrefix = "arXiv",
   eprint = {1102.0327},
 primaryClass = "astro-ph.CO",
 keywords = {black hole physics, Galaxy: centre, galaxies: haloes, galaxies: high-redshift, Local Group},
     year = 2011,
    month = jun,
   volume = 414,
    pages = {1127-1144},
      doi = {10.1111/j.1365-2966.2011.18444.x},
   adsurl = {http://adsabs.harvard.edu/abs/2011MNRAS.414.1127M},
  adsnote = {Provided by the SAO/NASA Astrophysics Data System}
}

@ARTICLE{1997ApJ...474....1T,
   author = {{Tegmark}, M. and {Silk}, J. and {Rees}, M.~J. and {Blanchard}, A. and 
	{Abel}, T. and {Palla}, F.},
    title = "{How Small Were the First Cosmological Objects?}",
  journal = {\apj},
   eprint = {astro-ph/9603007},
 keywords = {COSMOLOGY: THEORY, COSMOLOGY: EARLY UNIVERSE, GALAXIES: FORMATION},
     year = 1997,
    month = jan,
   volume = 474,
    pages = {1},
      doi = {10.1086/303434},
   adsurl = {http://adsabs.harvard.edu/abs/1997ApJ...474....1T},
  adsnote = {Provided by the SAO/NASA Astrophysics Data System}
}

@ARTICLE{2007ApJ...671.1160L,
   author = {{Luki{\'c}}, Z. and {Heitmann}, K. and {Habib}, S. and {Bashinsky}, S. and 
	{Ricker}, P.~M.},
    title = "{The Halo Mass Function: High-Redshift Evolution and Universality}",
  journal = {\apj},
   eprint = {astro-ph/0702360},
 keywords = {Methods: n-Body Simulations},
     year = 2007,
    month = dec,
   volume = 671,
    pages = {1160-1181},
      doi = {10.1086/523083},
   adsurl = {http://adsabs.harvard.edu/abs/2007ApJ...671.1160L},
  adsnote = {Provided by the SAO/NASA Astrophysics Data System}
}

@ARTICLE{2007MNRAS.374....2R,
   author = {{Reed}, D.~S. and {Bower}, R. and {Frenk}, C.~S. and {Jenkins}, A. and 
	{Theuns}, T.},
    title = "{The halo mass function from the dark ages through the present day}",
  journal = {\mnras},
   eprint = {astro-ph/0607150},
 keywords = {methods: N-body simulations, galaxies: formation, galaxies: haloes, cosmology: theory, dark matter},
     year = 2007,
    month = jan,
   volume = 374,
    pages = {2-15},
      doi = {10.1111/j.1365-2966.2006.11204.x},
   adsurl = {http://adsabs.harvard.edu/abs/2007MNRAS.374....2R},
  adsnote = {Provided by the SAO/NASA Astrophysics Data System}
}

@ARTICLE{2006ApJ...642L..85H,
   author = {{Heitmann}, K. and {Luki{\'c}}, Z. and {Habib}, S. and {Ricker}, P.~M.
	},
    title = "{Capturing Halos at High Redshifts}",
  journal = {\apjl},
   eprint = {astro-ph/0601233},
 keywords = {Cosmology: Dark Matter, Cosmology: Large-Scale Structure of Universe},
     year = 2006,
    month = may,
   volume = 642,
    pages = {L85-L88},
      doi = {10.1086/504868},
   adsurl = {http://adsabs.harvard.edu/abs/2006ApJ...642L..85H},
  adsnote = {Provided by the SAO/NASA Astrophysics Data System}
}

@ARTICLE{2001A&A...367...27W,
   author = {{White}, M.},
    title = "{The mass of a halo}",
  journal = {\aap},
   eprint = {astro-ph/0011495},
 keywords = {METHODS: N-BODY SIMULATIONS},
     year = 2001,
    month = feb,
   volume = 367,
    pages = {27-32},
      doi = {10.1051/0004-6361:20000357},
   adsurl = {http://adsabs.harvard.edu/abs/2001A%26A...367...27W},
  adsnote = {Provided by the SAO/NASA Astrophysics Data System}
}

@ARTICLE{2005RvMP...77..207V,
   author = {{Voit}, G.~M.},
    title = "{Tracing cosmic evolution with clusters of galaxies}",
  journal = {Reviews of Modern Physics},
   eprint = {astro-ph/0410173},
 keywords = {Origin and formation of the Universe, Galaxy clusters, Superclusters, large-scale structure of the Universe, Particle-theory and field-theory models of the early Universe, Observational cosmology, Dark matter, Star formation, Relativity and gravitation, Elementary particle processes, Supernovae, Active and peculiar galaxies and related systems, Galactic nuclei circumnuclear matter and bulges, Surveys and tutorial papers, resource letters, Background radiations},
     year = 2005,
    month = apr,
   volume = 77,
    pages = {207-258},
      doi = {10.1103/RevModPhys.77.207},
   adsurl = {http://adsabs.harvard.edu/abs/2005RvMP...77..207V},
  adsnote = {Provided by the SAO/NASA Astrophysics Data System}
}

@ARTICLE{2010MNRAS.405L..31S,
   author = {{Sinha}, M. and {Holley-Bockelmann}, K.},
    title = "{Balancing the baryon budget: the fraction of the IGM due to galaxy mergers}",
  journal = {\mnras},
archivePrefix = "arXiv",
   eprint = {1003.3442},
 primaryClass = "astro-ph.CO",
 keywords = {methods: numerical, galaxies: evolution, galaxies: haloes, galaxies: interactions, intergalactic medium, cosmology: large-scale structure of Universe},
     year = 2010,
    month = jun,
   volume = 405,
    pages = {L31-L35},
      doi = {10.1111/j.1745-3933.2010.00853.x},
   adsurl = {http://adsabs.harvard.edu/abs/2010MNRAS.405L..31S},
  adsnote = {Provided by the SAO/NASA Astrophysics Data System}
}

@ARTICLE{2009MNRAS.397..190S,
   author = {{Sinha}, M. and {Holley-Bockelmann}, K.},
    title = "{Numerical simulations of hot halo gas in galaxy mergers}",
  journal = {\mnras},
archivePrefix = "arXiv",
   eprint = {0901.3782},
 keywords = {methods: numerical , galaxies: evolution , galaxies: haloes , galaxies: interactions , intergalactic medium , X-rays: galaxies},
     year = 2009,
    month = jul,
   volume = 397,
    pages = {190-207},
      doi = {10.1111/j.1365-2966.2009.14955.x},
   adsurl = {http://adsabs.harvard.edu/abs/2009MNRAS.397..190S},
  adsnote = {Provided by the SAO/NASA Astrophysics Data System}
}

@ARTICLE{1974ApJ...187..425P,
   author = {{Press}, W.~H. and {Schechter}, P.},
    title = "{Formation of Galaxies and Clusters of Galaxies by Self-Similar Gravitational Condensation}",
  journal = {\apj},
     year = 1974,
    month = feb,
   volume = 187,
    pages = {425-438},
      doi = {10.1086/152650},
   adsurl = {http://adsabs.harvard.edu/abs/1974ApJ...187..425P},
  adsnote = {Provided by the SAO/NASA Astrophysics Data System}
}


@ARTICLE{2001ApJ...554..114E,
   author = {{Eke}, V.~R. and {Navarro}, J.~F. and {Steinmetz}, M.},
    title = "{The Power Spectrum Dependence of Dark Matter Halo Concentrations}",
  journal = {\apj},
   eprint = {astro-ph/0012337},
 keywords = {Cosmology: Theory, Cosmology: Dark Matter, Galaxies: Formation, Galaxies: Halos, Galaxies: Structure},
     year = 2001,
    month = jun,
   volume = 554,
    pages = {114-125},
      doi = {10.1086/321345},
   adsurl = {http://adsabs.harvard.edu/abs/2001ApJ...554..114E},
  adsnote = {Provided by the SAO/NASA Astrophysics Data System}
}

@ARTICLE{2002ApJ...568...52W,
   author = {{Wechsler}, R.~H. and {Bullock}, J.~S. and {Primack}, J.~R. and 
	{Kravtsov}, A.~V. and {Dekel}, A.},
    title = "{Concentrations of Dark Halos from Their Assembly Histories}",
  journal = {\apj},
   eprint = {astro-ph/0108151},
 keywords = {Cosmology: Theory, Cosmology: Dark Matter, Galaxies: Evolution, Galaxies: Formation, Galaxies: Halos, Galaxies: Structure},
     year = 2002,
    month = mar,
   volume = 568,
    pages = {52-70},
      doi = {10.1086/338765},
   adsurl = {http://adsabs.harvard.edu/abs/2002ApJ...568...52W},
  adsnote = {Provided by the SAO/NASA Astrophysics Data System}
}

@ARTICLE{2003MNRAS.339...12Z,
   author = {{Zhao}, D.~H. and {Mo}, H.~J. and {Jing}, Y.~P. and {B{\"o}rner}, G.
	},
    title = "{The growth and structure of dark matter haloes}",
  journal = {\mnras},
   eprint = {astro-ph/0204108},
 keywords = {galaxies: clusters: general, galaxies: formation, cosmology: theory, dark matter, large-scale structure of Universe},
     year = 2003,
    month = feb,
   volume = 339,
    pages = {12-24},
      doi = {10.1046/j.1365-8711.2003.06135.x},
   adsurl = {http://adsabs.harvard.edu/abs/2003MNRAS.339...12Z},
  adsnote = {Provided by the SAO/NASA Astrophysics Data System}
}

@ARTICLE{2009ApJ...707..354Z,
   author = {{Zhao}, D.~H. and {Jing}, Y.~P. and {Mo}, H.~J. and {B{\"o}rner}, G.
	},
    title = "{Accurate Universal Models for the Mass Accretion Histories and Concentrations of Dark Matter Halos}",
  journal = {\apj},
archivePrefix = "arXiv",
   eprint = {0811.0828},
 keywords = {cosmology: miscellaneous, galaxies: clusters: general, methods: numerical},
     year = 2009,
    month = dec,
   volume = 707,
    pages = {354-369},
      doi = {10.1088/0004-637X/707/1/354},
   adsurl = {http://adsabs.harvard.edu/abs/2009ApJ...707..354Z},
  adsnote = {Provided by the SAO/NASA Astrophysics Data System}
}

@ARTICLE{2007MNRAS.381.1450N,
   author = {{Neto}, A.~F. and {Gao}, L. and {Bett}, P. and {Cole}, S. and 
	{Navarro}, J.~F. and {Frenk}, C.~S. and {White}, S.~D.~M. and 
	{Springel}, V. and {Jenkins}, A.},
    title = "{The statistics of {$\Lambda$} CDM halo concentrations}",
  journal = {\mnras},
archivePrefix = "arXiv",
   eprint = {0706.2919},
 keywords = {methods: numerical, galaxies: haloes, cosmology: theory, dark matter},
     year = 2007,
    month = nov,
   volume = 381,
    pages = {1450-1462},
      doi = {10.1111/j.1365-2966.2007.12381.x},
   adsurl = {http://adsabs.harvard.edu/abs/2007MNRAS.381.1450N},
  adsnote = {Provided by the SAO/NASA Astrophysics Data System}
}

@ARTICLE{2008MNRAS.387..536G,
   author = {{Gao}, L. and {Navarro}, J.~F. and {Cole}, S. and {Frenk}, C.~S. and 
	{White}, S.~D.~M. and {Springel}, V. and {Jenkins}, A. and {Neto}, A.~F.
	},
    title = "{The redshift dependence of the structure of massive {$\Lambda$} cold dark matter haloes}",
  journal = {\mnras},
archivePrefix = "arXiv",
   eprint = {0711.0746},
 keywords = {methods: N-body simulations , methods: numerical , galaxies: haloes , galaxies: structure , dark matter},
     year = 2008,
    month = jun,
   volume = 387,
    pages = {536-544},
      doi = {10.1111/j.1365-2966.2008.13277.x},
   adsurl = {http://adsabs.harvard.edu/abs/2008MNRAS.387..536G},
  adsnote = {Provided by the SAO/NASA Astrophysics Data System}
}

@ARTICLE{2008MNRAS.391.1940M,
   author = {{Macci{\`o}}, A.~V. and {Dutton}, A.~A. and {van den Bosch}, F.~C.
	},
    title = "{Concentration, spin and shape of dark matter haloes as a function of the cosmological model: WMAP1, WMAP3 and WMAP5 results}",
  journal = {\mnras},
archivePrefix = "arXiv",
   eprint = {0805.1926},
 keywords = {gravitation , methods: N-body simulation , methods: numerical , galaxies: haloes , cosmology: theory , dark matter},
     year = 2008,
    month = dec,
   volume = 391,
    pages = {1940-1954},
      doi = {10.1111/j.1365-2966.2008.14029.x},
   adsurl = {http://adsabs.harvard.edu/abs/2008MNRAS.391.1940M},
  adsnote = {Provided by the SAO/NASA Astrophysics Data System}
}

@ARTICLE{2011MNRAS.411..584M,
   author = {{Mu{\~n}oz-Cuartas}, J.~C. and {Macci{\`o}}, A.~V. and {Gottl{\"o}ber}, S. and 
	{Dutton}, A.~A.},
    title = "{The redshift evolution of {$\Lambda$} cold dark matter halo parameters: concentration, spin and shape}",
  journal = {\mnras},
archivePrefix = "arXiv",
   eprint = {1007.0438},
 primaryClass = "astro-ph.CO",
 keywords = {gravitation, methods: numerical, galaxies: haloes, cosmology: theory, dark matter},
     year = 2011,
    month = feb,
   volume = 411,
    pages = {584-594},
      doi = {10.1111/j.1365-2966.2010.17704.x},
   adsurl = {http://adsabs.harvard.edu/abs/2011MNRAS.411..584M},
  adsnote = {Provided by the SAO/NASA Astrophysics Data System}
}

@ARTICLE{2011ApJ...740..102K,
   author = {{Klypin}, A.~A. and {Trujillo-Gomez}, S. and {Primack}, J.},
    title = "{Dark Matter Halos in the Standard Cosmological Model: Results from the Bolshoi Simulation}",
  journal = {\apj},
archivePrefix = "arXiv",
   eprint = {1002.3660},
 primaryClass = "astro-ph.CO",
 keywords = {cosmology: theory, large-scale structure of universe, methods: numerical},
     year = 2011,
    month = oct,
   volume = 740,
      eid = {102},
    pages = {102},
      doi = {10.1088/0004-637X/740/2/102},
   adsurl = {http://adsabs.harvard.edu/abs/2011ApJ...740..102K},
  adsnote = {Provided by the SAO/NASA Astrophysics Data System}
}

@ARTICLE{1984MNRAS.206..529E,
   author = {{Einasto}, J. and {Klypin}, A.~A. and {Saar}, E. and {Shandarin}, S.~F.
	},
    title = "{Structure of superclusters and supercluster formation. III Quantitative study of the local supercluster}",
  journal = {\mnras},
 keywords = {Astronomical Models, Galactic Clusters, Galactic Evolution, Galactic Structure, Spatial Distribution, Adiabatic Conditions, Cluster Analysis, Computerized Simulation, Filaments, Red Shift, Virgo Galactic Cluster},
     year = 1984,
    month = feb,
   volume = 206,
    pages = {529-558},
   adsurl = {http://adsabs.harvard.edu/abs/1984MNRAS.206..529E},
  adsnote = {Provided by the SAO/NASA Astrophysics Data System}
}

@ARTICLE{1985ApJ...292..371D,
   author = {{Davis}, M. and {Efstathiou}, G. and {Frenk}, C.~S. and {White}, S.~D.~M.
	},
    title = "{The evolution of large-scale structure in a universe dominated by cold dark matter}",
  journal = {\apj},
 keywords = {Computational Astrophysics, Cosmology, Galactic Clusters, Galactic Evolution, Missing Mass (Astrophysics), Weak Interactions (Field Theory), Astronomical Models, Computerized Simulation, Correlation, Many Body Problem, Mass Distribution, Mass To Light Ratios, Matter (Physics), Radial Velocity, Red Shift},
     year = 1985,
    month = may,
   volume = 292,
    pages = {371-394},
      doi = {10.1086/163168},
   adsurl = {http://adsabs.harvard.edu/abs/1985ApJ...292..371D},
  adsnote = {Provided by the SAO/NASA Astrophysics Data System}
}

@ARTICLE{2009ApJS..180..330K,
   author = {{Komatsu}, E. and {Dunkley}, J. and {Nolta}, M.~R. and {Bennett}, C.~L. and 
	{Gold}, B. and {Hinshaw}, G. and {Jarosik}, N. and {Larson}, D. and 
	{Limon}, M. and {Page}, L. and {Spergel}, D.~N. and {Halpern}, M. and 
	{Hill}, R.~S. and {Kogut}, A. and {Meyer}, S.~S. and {Tucker}, G.~S. and 
	{Weiland}, J.~L. and {Wollack}, E. and {Wright}, E.~L.},
    title = "{Five-Year Wilkinson Microwave Anisotropy Probe Observations: Cosmological Interpretation}",
  journal = {\apjs},
archivePrefix = "arXiv",
   eprint = {0803.0547},
 keywords = {cosmic microwave background, cosmology: observations, dark matter, early universe, instrumentation: detectors, space vehicles: instruments, telescopes},
     year = 2009,
    month = feb,
   volume = 180,
    pages = {330-376},
      doi = {10.1088/0067-0049/180/2/330},
   adsurl = {http://adsabs.harvard.edu/abs/2009ApJS..180..330K},
  adsnote = {Provided by the SAO/NASA Astrophysics Data System}
}

@ARTICLE{2002Sci...295...93A,
   author = {{Abel}, T. and {Bryan}, G.~L. and {Norman}, M.~L.},
    title = "{The Formation of the First Star in the Universe}",
  journal = {Science},
   eprint = {astro-ph/0112088},
     year = 2002,
    month = jan,
   volume = 295,
    pages = {93-98},
      doi = {10.1126/science.295.5552.93},
   adsurl = {http://adsabs.harvard.edu/abs/2002Sci...295...93A},
  adsnote = {Provided by the SAO/NASA Astrophysics Data System}
}

@ARTICLE{2000ApJ...540...39A,
   author = {{Abel}, T. and {Bryan}, G.~L. and {Norman}, M.~L.},
    title = "{The Formation and Fragmentation of Primordial Molecular Clouds}",
  journal = {\apj},
   eprint = {astro-ph/0002135},
 keywords = {Cosmology: Theory, Galaxies: Formation, Methods: Numerical},
     year = 2000,
    month = sep,
   volume = 540,
    pages = {39-44},
      doi = {10.1086/309295},
   adsurl = {http://adsabs.harvard.edu/abs/2000ApJ...540...39A},
  adsnote = {Provided by the SAO/NASA Astrophysics Data System}
}

@ARTICLE{2008SSRv..134..141B,
   author = {{Bykov}, A.~M. and {Paerels}, F.~B.~S. and {Petrosian}, V.},
    title = "{Equilibration Processes in the Warm-Hot Intergalactic Medium}",
  journal = {\ssr},
archivePrefix = "arXiv",
   eprint = {0801.1008},
 keywords = {Intergalactic medium, Shock waves, Galaxies: clusters: general},
     year = 2008,
    month = feb,
   volume = 134,
    pages = {141-153},
      doi = {10.1007/s11214-008-9309-4},
   adsurl = {http://adsabs.harvard.edu/abs/2008SSRv..134..141B},
  adsnote = {Provided by the SAO/NASA Astrophysics Data System}
}

@ARTICLE{2012MNRAS.425.2974T,
   author = {{Tanaka}, T. and {Perna}, R. and {Haiman}, Z.},
    title = "{X-ray emission from high-redshift miniquasars: self-regulating the population of massive black holes through global warming}",
  journal = {\mnras},
archivePrefix = "arXiv",
   eprint = {1205.6467},
 primaryClass = "astro-ph.CO",
 keywords = {black hole physics, gravitational waves, galaxies: formation, quasars: general, cosmology: theory},
     year = 2012,
    month = oct,
   volume = 425,
    pages = {2974-2987},
      doi = {10.1111/j.1365-2966.2012.21539.x},
   adsurl = {http://adsabs.harvard.edu/abs/2012MNRAS.425.2974T},
  adsnote = {Provided by the SAO/NASA Astrophysics Data System}
}

@ARTICLE{2002ApJ...567..532H,
   author = {{Heger}, A. and {Woosley}, S.~E.},
    title = "{The Nucleosynthetic Signature of Population III}",
  journal = {\apj},
   eprint = {astro-ph/0107037},
 keywords = {Nuclear Reactions, Nucleosynthesis, Abundances, Stars: Early-Type, Stars: Supernovae: General},
     year = 2002,
    month = mar,
   volume = 567,
    pages = {532-543},
      doi = {10.1086/338487},
   adsurl = {http://adsabs.harvard.edu/abs/2002ApJ...567..532H},
  adsnote = {Provided by the SAO/NASA Astrophysics Data System}
}

@ARTICLE{2012ApJ...752L...5B,
   author = {{Bouwens}, R.~J. and {Illingworth}, G.~D. and {Oesch}, P.~A. and 
	{Trenti}, M. and {Labb{\'e}}, I. and {Franx}, M. and {Stiavelli}, M. and 
	{Carollo}, C.~M. and {van Dokkum}, P. and {Magee}, D.},
    title = "{Lower-luminosity Galaxies Could Reionize the Universe: Very Steep Faint-end Slopes to the UV Luminosity Functions at z {\gt}= 5-8 from the HUDF09 WFC3/IR Observations}",
  journal = {\apjl},
archivePrefix = "arXiv",
   eprint = {1105.2038},
 primaryClass = "astro-ph.CO",
 keywords = {galaxies: evolution, galaxies: high-redshift},
     year = 2012,
    month = jun,
   volume = 752,
      eid = {L5},
    pages = {L5},
      doi = {10.1088/2041-8205/752/1/L5},
   adsurl = {http://adsabs.harvard.edu/abs/2012ApJ...752L...5B},
  adsnote = {Provided by the SAO/NASA Astrophysics Data System}
}

@ARTICLE{2012MNRAS.423..862K,
   author = {{Kuhlen}, M. and {Faucher-Gigu{\`e}re}, C.-A.},
    title = "{Concordance models of reionization: implications for faint galaxies and escape fraction evolution}",
  journal = {\mnras},
archivePrefix = "arXiv",
   eprint = {1201.0757},
 primaryClass = "astro-ph.CO",
 keywords = {galaxies: dwarf, galaxies: formation, galaxies: high-redshift, intergalactic medium, cosmology: theory, dark ages, reionization, first stars},
     year = 2012,
    month = jun,
   volume = 423,
    pages = {862-876},
      doi = {10.1111/j.1365-2966.2012.20924.x},
   adsurl = {http://adsabs.harvard.edu/abs/2012MNRAS.423..862K},
  adsnote = {Provided by the SAO/NASA Astrophysics Data System}
}

@ARTICLE{1997ApJ...486..581G,
   author = {{Gnedin}, N.~Y. and {Ostriker}, J.~P.},
    title = "{Reionization of the Universe and the Early Production of Metals}",
  journal = {\apj},
   eprint = {astro-ph/9612127},
 keywords = {Cosmology: Theory, Cosmology: Early Universe, Galaxies: Formation, galaxies: intergalactic medium, Cosmology: Large-Scale Structure of Universe},
     year = 1997,
    month = sep,
   volume = 486,
    pages = {581-598},
   adsurl = {http://adsabs.harvard.edu/abs/1997ApJ...486..581G},
  adsnote = {Provided by the SAO/NASA Astrophysics Data System}
}

@ARTICLE{2003ApJ...584..621V,
   author = {{Venkatesan}, A. and {Tumlinson}, J. and {Shull}, J.~M.},
    title = "{Evolving Spectra of Population III Stars: Consequences for Cosmological Reionization}",
  journal = {\apj},
   eprint = {astro-ph/0206390},
 keywords = {Cosmology: Theory, Galaxies: Intergalactic Medium},
     year = 2003,
    month = feb,
   volume = 584,
    pages = {621-632},
      doi = {10.1086/345738},
   adsurl = {http://adsabs.harvard.edu/abs/2003ApJ...584..621V},
  adsnote = {Provided by the SAO/NASA Astrophysics Data System}
}

@ARTICLE{2006ApJ...639..621A,
   author = {{Alvarez}, M.~A. and {Bromm}, V. and {Shapiro}, P.~R.},
    title = "{The H II Region of the First Star}",
  journal = {\apj},
   eprint = {astro-ph/0507684},
 keywords = {Cosmology: Theory, Galaxies: Formation, Galaxies: Intergalactic Medium, Stars: Formation},
     year = 2006,
    month = mar,
   volume = 639,
    pages = {621-632},
      doi = {10.1086/499578},
   adsurl = {http://adsabs.harvard.edu/abs/2006ApJ...639..621A},
  adsnote = {Provided by the SAO/NASA Astrophysics Data System}
}

@ARTICLE{1987ApJ...321L.107S,
   author = {{Shapiro}, P.~R. and {Giroux}, M.~L.},
    title = "{Cosmological H II regions and the photoionization of the intergalactic medium}",
  journal = {\apjl},
 keywords = {Cosmology, H Ii Regions, Intergalactic Media, Photoionization, Quasars, Stellar Coronas, Computational Astrophysics, Ionizing Radiation, Red Shift, Universe},
     year = 1987,
    month = oct,
   volume = 321,
    pages = {L107-L112},
      doi = {10.1086/185015},
   adsurl = {http://adsabs.harvard.edu/abs/1987ApJ...321L.107S},
  adsnote = {Provided by the SAO/NASA Astrophysics Data System}
}

@ARTICLE{1999ApJ...514..648M,
   author = {{Madau}, P. and {Haardt}, F. and {Rees}, M.~J.},
    title = "{Radiative Transfer in a Clumpy Universe. III. The Nature of Cosmological Ionizing Sources}",
  journal = {\apj},
   eprint = {astro-ph/9809058},
 keywords = {COSMOLOGY: DIFFUSE RADIATION, GALAXIES: INTERGALACTIC MEDIUM, RADIATIVE TRANSFER, Cosmology: Diffuse Radiation, Galaxies: Intergalactic Medium, Radiative Transfer},
     year = 1999,
    month = apr,
   volume = 514,
    pages = {648-659},
      doi = {10.1086/306975},
   adsurl = {http://adsabs.harvard.edu/abs/1999ApJ...514..648M},
  adsnote = {Provided by the SAO/NASA Astrophysics Data System}
}

@ARTICLE{2001AJ....122.2833F,
   author = {{Fan}, X. and {Narayanan}, V.~K. and {Lupton}, R.~H. and {Strauss}, M.~A. and 
	{Knapp}, G.~R. and {Becker}, R.~H. and {White}, R.~L. and {Pentericci}, L. and 
	{Leggett}, S.~K. and {Haiman}, Z. and {Gunn}, J.~E. and {Ivezi{\'c}}, {\v Z}. and 
	{Schneider}, D.~P. and {Anderson}, S.~F. and {Brinkmann}, J. and 
	{Bahcall}, N.~A. and {Connolly}, A.~J. and {Csabai}, I. and 
	{Doi}, M. and {Fukugita}, M. and {Geballe}, T. and {Grebel}, E.~K. and 
	{Harbeck}, D. and {Hennessy}, G. and {Lamb}, D.~Q. and {Miknaitis}, G. and 
	{Munn}, J.~A. and {Nichol}, R. and {Okamura}, S. and {Pier}, J.~R. and 
	{Prada}, F. and {Richards}, G.~T. and {Szalay}, A. and {York}, D.~G.
	},
    title = "{A Survey of z{\gt}5.8 Quasars in the Sloan Digital Sky Survey. I. Discovery of Three New Quasars and the Spatial Density of Luminous Quasars at z\~{}6}",
  journal = {\aj},
   eprint = {astro-ph/0108063},
 keywords = {Galaxies: Intergalactic Medium, Galaxies: Quasars: Absorption Lines, Galaxies: Quasars: Emission Lines, Galaxies: Quasars: General},
     year = 2001,
    month = dec,
   volume = 122,
    pages = {2833-2849},
      doi = {10.1086/324111},
   adsurl = {http://adsabs.harvard.edu/abs/2001AJ....122.2833F},
  adsnote = {Provided by the SAO/NASA Astrophysics Data System}
}

@ARTICLE{2001PhR...349..125B,
   author = {{Barkana}, R. and {Loeb}, A.},
    title = "{In the beginning: the first sources of light and the reionization of the universe}",
  journal = {\physrep},
   eprint = {astro-ph/0010468},
     year = 2001,
    month = jul,
   volume = 349,
    pages = {125-238},
      doi = {10.1016/S0370-1573(01)00019-9},
   adsurl = {http://adsabs.harvard.edu/abs/2001PhR...349..125B},
  adsnote = {Provided by the SAO/NASA Astrophysics Data System}
}

@ARTICLE{1989A&A...223...89E,
   author = {{Einasto}, J. and {Haud}, U.},
    title = "{Galactic models with massive corona. I - Method. II - Galaxy}",
  journal = {\aap},
 keywords = {Astronomical Models, Galactic Mass, Galactic Structure, Computational Astrophysics, Coronas, Galactic Evolution, Iterative Solution, Mass Distribution},
     year = 1989,
    month = oct,
   volume = 223,
    pages = {89-106},
   adsurl = {http://adsabs.harvard.edu/abs/1989A%26A...223...89E},
  adsnote = {Provided by the SAO/NASA Astrophysics Data System}
}

@ARTICLE{2004MNRAS.349.1039N,
   author = {{Navarro}, J.~F. and {Hayashi}, E. and {Power}, C. and {Jenkins}, A.~R. and 
	{Frenk}, C.~S. and {White}, S.~D.~M. and {Springel}, V. and 
	{Stadel}, J. and {Quinn}, T.~R.},
    title = "{The inner structure of {$\Lambda$}CDM haloes - III. Universality and asymptotic slopes}",
  journal = {\mnras},
   eprint = {astro-ph/0311231},
 keywords = {gravitation, cosmology: theory, dark matter},
     year = 2004,
    month = apr,
   volume = 349,
    pages = {1039-1051},
      doi = {10.1111/j.1365-2966.2004.07586.x},
   adsurl = {http://adsabs.harvard.edu/abs/2004MNRAS.349.1039N},
  adsnote = {Provided by the SAO/NASA Astrophysics Data System}
}

@ARTICLE{2010MNRAS.402...21N,
   author = {{Navarro}, J.~F. and {Ludlow}, A. and {Springel}, V. and {Wang}, J. and 
	{Vogelsberger}, M. and {White}, S.~D.~M. and {Jenkins}, A. and 
	{Frenk}, C.~S. and {Helmi}, A.},
    title = "{The diversity and similarity of simulated cold dark matter haloes}",
  journal = {\mnras},
archivePrefix = "arXiv",
   eprint = {0810.1522},
 keywords = {methods: numerical, dark matter},
     year = 2010,
    month = feb,
   volume = 402,
    pages = {21-34},
      doi = {10.1111/j.1365-2966.2009.15878.x},
   adsurl = {http://adsabs.harvard.edu/abs/2010MNRAS.402...21N},
  adsnote = {Provided by the SAO/NASA Astrophysics Data System}
}

@ARTICLE{2010ApJ...715..104H,
   author = {{Heitmann}, K. and {White}, M. and {Wagner}, C. and {Habib}, S. and 
	{Higdon}, D.},
    title = "{The Coyote Universe. I. Precision Determination of the Nonlinear Matter Power Spectrum}",
  journal = {\apj},
archivePrefix = "arXiv",
   eprint = {0812.1052},
 keywords = {large-scale structure of universe, methods: numerical},
     year = 2010,
    month = may,
   volume = 715,
    pages = {104-121},
      doi = {10.1088/0004-637X/715/1/104},
   adsurl = {http://adsabs.harvard.edu/abs/2010ApJ...715..104H},
  adsnote = {Provided by the SAO/NASA Astrophysics Data System}
}
